@misc{paullinearode,
    title = {{Paul's Online Notes} Linear Differential Equations},
    author = {Paul Dawkins},
    howpublished = {\url{https://tutorial.math.lamar.edu/Classes/DE/Definitions.aspx}},
    note = {Accessed: 2022-08-31}
}

@misc{scipy,
    title = {{SciPy.org}},
    author = {{The SciPy Project}},
    howpublished = {\url{https://www.scipy.org/}},
    note = {Accessed: 2022-08-31}
}

@misc{scipyfun,
    title = {{SciPy.org} scipy.integrate.ode},
    author = {{The SciPy Project}},
    howpublished = {\url{https://docs.scipy.org/doc/scipy/reference/generated/scipy.integrate.ode.html}},
    note = {Accessed: 2022-08-31}
}

@misc{apache,
    title = {{Commons math: The Apache} Commons Mathematics Library},
    author = {{The Apache Software Foundation}},
    howpublished = {\url{https://commons.apache.org/proper/commons-math}},
    note = {Accessed: 2022-08-31}
}

@misc{apachefun,
    title = {{Commons math: The Apache} Ordinary Differential Equations Integration},
    author = {{The Apache Software Foundation}},
    howpublished = {\url{https://commons.apache.org/proper/commons-math/userguide/ode.html}},
    note = {Accessed: 2022-08-31}
}

@misc{oslo,
    title = {{OSLO} Open Solving Library for ODEs},
    author = {{The OSLO Project}},
    howpublished = {\url{https://www.microsoft.com/en-us/research/project/open-solving-library-for-odes/}},
    note = {Accessed: 2022-08-31}
}

@misc{oslofun,
    title = {{OSLO} Open Solving Library for ODEs (OSLO) 1.0
    User Guide, Getting Started, Step 7},
    author = {{The OSLO Project}},
    howpublished = {\url{https://www.microsoft.com/en-us/research/wp-content/uploads/2014/07/osloUserGuide.pdf}},
    note = {Accessed: 2022-08-31}
}

@misc{odeint,
    title = {{ODEINT} Solving ODEs in C++},
    author = {{The ODEINT Project}},
    howpublished = {\url{http://headmyshoulder.github.io/odeint-v2/}},
    note = {Accessed: 2022-08-31}
}

@misc{odeintfun,
    title = {{ODEINT v2} Solving ordinary differential equations in C++},
    author = {{The ODEINT Project}},
    howpublished = {\url{https://www.codeproject.com/Articles/268589/odeint-v2-Solving-ordinary-differential-equations}},
    note = {Accessed: 2022-08-31}
}

@misc{converthigherode,
    title = {{Introduction to Numerical Methods and Matlab Programming for Engineers} Reduction of Higher Order Equations to
    Systems},
    author = {Todd Young and Martin J. Mohlenkamp},
    howpublished = {\url{http://www.ohiouniversityfaculty.com/youngt/IntNumMeth/lecture29.pdf}},
    note = {Accessed: 2022-08-31}
}
