@book{harper2016pfpl,
  title     = {Practical Foundations for Programming Languages},
  author    = {Harper, Robert},
  year      = {2016},
  publisher = {Cambridge University Press}
}

@article{carette2009finally,
  title     = {Finally tagless, partially evaluated: Tagless staged interpreters for simpler typed languages},
  author    = {Carette, Jacques and Kiselyov, Oleg and Shan, Chung-chieh},
  journal   = {Journal of Functional Programming},
  volume    = {19},
  number    = {5},
  pages     = {509--543},
  year      = {2009},
  publisher = {Cambridge University Press}
}

@unpublished{well-understood,
  author = {Carette, Jacques and Smith, Spencer and Balaci, Jason},
  note   = {Submitted Nov 2021 to NIER - New Ideas and Emerging Results (ICSE 2022)},
  title  = {When Capturing Knowledge Improves Productivity},
  year   = {2021},
  url    = {https://github.com/JacquesCarette/Drasil/blob/master/Papers/WellUnderstood/wu.pdf}
}
