@misc{paullinearode,
    title = {{Paul's Online Notes} Linear Differential Equations},
    author = {Dawkins, Paul},
    howpublished = {\url{https://tutorial.math.lamar.edu/Classes/DE/Definitions.aspx}},
    note = {Accessed: 2022-09-12}
}

@misc{scipy,
    title = {{SciPy.org}},
    author = {{The SciPy Project}},
    howpublished = {\url{https://www.scipy.org/}},
    note = {Accessed: 2022-09-12}
}

@misc{scipyfun,
    title = {{SciPy.org} scipy.integrate.ode},
    author = {{The SciPy Project}},
    howpublished = {\url{https://docs.scipy.org/doc/scipy/reference/generated/scipy.integrate.ode.html}},
    note = {Accessed: 2022-09-12}
}

@misc{apache,
    title = {{Commons math: The Apache} Commons Mathematics Library},
    author = {{The Apache Software Foundation}},
    howpublished = {\url{https://commons.apache.org/proper/commons-math}},
    note = {Accessed: 2022-09-12}
}

@misc{apachefun,
    title = {{Commons math: The Apache} Ordinary Differential Equations Integration},
    author = {{The Apache Software Foundation}},
    howpublished = {\url{https://commons.apache.org/proper/commons-math/userguide/ode.html}},
    note = {Accessed: 2022-09-12}
}

@misc{oslo,
    title = {{OSLO} Open Solving Library for ODEs},
    author = {{The OSLO Project}},
    howpublished = {\url{https://www.microsoft.com/en-us/research/project/open-solving-library-for-odes/}},
    note = {Accessed: 2022-09-12}
}

@misc{oslofun,
    title = {{OSLO} Open Solving Library for ODEs (OSLO) 1.0
    User Guide, Getting Started, Step 7},
    author = {{The OSLO Project}},
    howpublished = {\url{https://www.microsoft.com/en-us/research/wp-content/uploads/2014/07/osloUserGuide.pdf}},
    note = {Accessed: 2022-09-12}
}

@misc{odeint,
    title = {{ODEINT} Solving ODEs in C++},
    author = {{The ODEINT Project}},
    howpublished = {\url{http://headmyshoulder.github.io/odeint-v2/}},
    note = {Accessed: 2022-09-12}
}

@misc{odeintfun,
    title = {{ODEINT v2} Solving ordinary differential equations in C++},
    author = {{The ODEINT Project}},
    howpublished = {\url{https://www.codeproject.com/Articles/268589/odeint-v2-Solving-ordinary-differential-equations}},
    note = {Accessed: 2022-09-12}
}

@misc{converthigherode,
    title = {{Introduction to Numerical Methods and Matlab Programming for Engineers} Reduction of Higher Order Equations to
    Systems},
    author = {Young, Todd and Mohlenkamp, Martin },
    howpublished = {\url{http://www.ohiouniversityfaculty.com/youngt/IntNumMeth/lecture29.pdf}},
    note = {Accessed: 2022-09-12}
}

@article{brooks,
    title={A Design Language for Scientific Computing Software in Drasil},
    author={Maclachlan, Brooks},
    journal={Masters thesis, McMaster University, Hamilton, Ontario, Canada},
    year={2020},
    publisher={McMaster University,Hamilton, Ontario, Canada}
}

@article{dp1976,
    title={On the design and development of program families},
    author={Parnas, David},
    journal={IEEE Transaction on Software Engineering},
    volume={5},
    number={2},
    pages={1--9},
    year={March 1976},
    publisher={IEEE}
}

@article{ss2004,
    title={Commonality and Requirements Analysis for Mesh Generating Software},
    author={Smith, Spencer and Chen, ChienHsien},
    journal={McMaster University, Hamilton, Ontario, Canada},
    pages={2},
    year={2004},
    publisher={McMaster University}
}

@misc{drasil,
    title={Drasil},
    author={{The Drasil Research Team}},
    howpublished = {\url{https://jacquescarette.github.io/Drasil/}},
    note = {Accessed: 2022-09-12}
}

@article{szymczaketal2016,
    title={Position Paper: A Knowledge-Based Approach to Scientific Software Development},
    author={Szymczak, Daniel and Smith, Spencer and Carette, Jacques},
    journal={2016 IEEE/ACM International Workshop on Software Engineering for Science (SE4Science), Austin, Texas, USA},
    year={2016-05},
}